% This file was created with JabRef 2.9.2.
% Encoding: UTF8
@ONLINE {thebook,
    title = "The Rust Programming Book",
    year  = "2018",
    month = "oct",
    url   = "https://doc.rust-lang.org/book/2018-edition/index.html"
}

@ONLINE {Traits,
    title = "Abstraction without overhead: traits in Rust",
    year  = "2015",
    month = "may",
    url   = "https://blog.rust-lang.org/2015/05/11/traits.html"
}

@ONLINE {Redox,
    title = "Redox-os",
    year  = "2018",
    url   = "https://www.redox-os.org/"
}

@ONLINE {Drop101,
    title = "Rust101",
    year  = "2018",
    url   = "https://www.ralfj.de/projects/rust-101/part16.html"
}

@ONLINE {Dropredd,
    title = "Is the memory of struct correct freed inside of box?",
    year  = "2018",
    url   = "https://www.reddit.com/r/rust/comments/9wg632/is_the_memory_of_struct_correct_freed_inside_of/e9kd89w"
}
https://www.reddit.com/r/rust/comments/9wg632/is_the_memory_of_struct_correct_freed_inside_of/e9kd89w